@article{halko2011finding,
  title={Finding structure with randomness: Probabilistic algorithms for constructing approximate matrix decompositions},
  author={Halko, Nathan and Martinsson, Per-Gunnar and Tropp, Joel A},
  journal={SIAM review},
  volume={53},
  number={2},
  pages={217--288},
  year={2011},
  publisher={SIAM}
}

@article{dongarra2000guest,
  title={Guest editorsâ€™ introduction: The top 10 algorithms},
  author={Dongarra, Jack and Sullivan, Francis},
  journal={Computing in Science \& Engineering},
  volume={2},
  number={1},
  pages={22--23},
  year={2000},
  publisher={IEEE}
}

@article{stewart2000decompositional,
  title={The decompositional approach to matrix computation},
  author={Stewart, GW},
  journal={Computing in Science \& Engineering},
  volume={2},
  number={1},
  pages={50--59},
  year={2000},
  publisher={IEEE}
}